
@book{marconi_lakatos_2010,
    address={SP, São Paulo},
    author={Marina Andrade Marconi and Eva Maria Lakatos},
    publisher={Editora Atlas},
    title={{Introdução a sistemas de banco de dados}},
    year={2003},
}
@book{isbd_cjdate,
    address={RJ,Rio de Janeiro},
    author={Christopher J. Date},
    numpages={803},
    publisher={Elsevier Editora},
    title={{Introdução a sistemas de banco de dados}},
    year={2000},
}
@book{fgsti_santosm,
    address={RJ,Rio de Janeiro},
    author={Marcos André Dos Santos},
    numpages={},
    publisher={brasport},
    title={{Fundamentos do gerenciamento de serviços de TI}},
    year={2013},
}
@book{sbd_elmasri_navathe,
    author={Ramez Elmasri. Shamkant B. Navathe},
    numpages={808},
    publisher={Editora Pearson},
    title={{Sistemas de banco de dados}},
    year={2011},
    address={Texas, Arlington},
}
@book{sbd_korth_silberchatz,
    address={RJ,Rio de Janeiro},
    author={Henry Korth and Abraham Silberchatz},
    numpages={904},
    publisher={Makron Books},
    title={{Sistemas de Bancos de Dados}},
    year={2012},
}

@book{gerenciamentoti_itil_magalhaes_pinheiro,
    address={SP-São Paulo},
    author={Ivan Magalhães and Walfrido Pinheiro},
    numpages={667},
    publisher={Novatec},
    title={{Gerenciamento de serviços de TI na prática: uma abordagem com base na ITIL}},
    year={2008},
}
@book{lovato_2007,
    address={RS - Três de Maio},
    author={Adalberto Lovato and Mário Luiz Santos Evangelista and Roque Ismael Gullich},
    publisher={SETREM},
    title={{Metodologia da Pesquisa: normas para a apresentação de trabalhos: redação, formatação e editoração}},
    year={2007},
}  
@book{ti_albertin_moura,
    address={São Paulo},
    author={Alberto Luis Albertin and Rosa Maria de Moura},
    publisher={Editora Atlas},
    title={{Tecnologia de informação}},
    year={2004},
}
@book{ metodologia_maria_andrade,
    address={São Paulo},
    author={Maria Andrade},
    publisher={Editora Atlas},
    title={{Introdução a metodologia do trabalho científico}},
    year={2001},
}
@book{mobile_computing_2004,
    author={Jeyasri Arokiamary},
    publisher={Technical Publications},
    title={{Mobile computing}},
    year={2004},
    note = {ISBN 9788184316797},
}
@book{sbd_elmasri_navathe_2011,
    author={Ramez Elmasri and Shamkant Navathe},
    publisher={Editora Pearson},
    title={{Sistemas de banco de dados. 6ª edição.}},
    year={2011},
    note = {ISBN 9788579360855},
    address={Texas, Arlington},
}
@book{freitas_2013,
    author={Marcos André dos Santos Freitas},
    publisher={Editora Brassport},
    title={{Fundamentos do Gerenciamento de Serviço de TI: preparatório para a certificação ITIL Foundation}},
    year={2013},
    note = {ISBN 8574525871},
    address={São Paulo, SP},
}
@book{gti_em_itil,
    author={itSMF},
    publisher={Editora Brassport},
    title={{Fundamentos do Gerenciamento de Serviço de TI: preparatório para a certificação ITIL Foundation}},
    year={2013},
    note = {ISBN 8574525871},
    address={São Paulo, SP},
}

@book{pilla_passaia_2010,
    address={Santa Cruz do Sul, RS},
    author={Bianca Smith Pilla and Nereu Adilar Passaia},
    publisher={Revista Estudos do CEPE},
    title={{A tecnologia da informação aplicada à tomada de decisão em consultórios médicos}},
    year={2010},
}
@book{rezende_abreu_2003,
    address={São Paulo, SP},
    author={Denis Alcides Rezende and Aline França de Abreu},
    publisher={Editora Atlas},
    title={{Tecnologia da informação aplicada a sistemas de informações empresariais. 3. ed.}},
    year={2003},
}
c
@book{mezzaroba_monteiro_2014,
    author={Orides Mezzaroba and Cláudia Servilha Monteiro},
    publisher={Saraiva},
    title={{Manual de metodologia da pesquisa no Direito. (6. ed.)}},
    year={2014},
    note = {ISBN 9788502208155},    
    address={São Paulo, SP},

}
@misc{loscio_oliveira_pontes_nosql_2015,
    author={Bernadette Farias LÓscio and Hélio Rodrigues Oliveira and Jonas César Pontes},
    title={{NoSQL no desenvolvimento de aplicações Web }},
    howpublished={Disponível em: <https://docplayer.com.br/433576-Nosql-no-desenvolvimento-de-aplicacoes-web-colaborativas.html>},
    month={September},
    year={2015},
    note = {Accessado em: 01 Setembro},
}
@misc{mildner_2009,
    author={Eduardo Gabriel Mildner},
    title={{Projeto de gerenciamento de incidentes em uma central de serviços utilizando ITIL e PMI}},
    howpublished={Disponível na biblioteca SETREM <http://larcc.setrem.com.br>},
    month={February},
    year={2009},
    note = {Monografia},
}
@book{vanharen_2006,
    author={Van Haren},
    publisher={Wilco Printers},
    address= {Estados Unidos},
    title={{Fundamentos do Gerenciamento de Serviços baseado na ITIL}},
    year={2006},
    note = {ISBN 9789077212950},
}
@book{ogc_itil,
    author={Office Government Commerce, (Office Government Commerce)},
    publisher={Tso},
    title={{Applications Management: Itil}},
    address={Reino Unido},
    year={2014},
    note = {ISBN 0113308663},
}

@misc{mod_sgbdtr,
    author={Maria Perkusich and Maria Turnell and Angelo Perkusich},
    title={{Modelagem de Banco de Dados em Tempo Real}},
    howpublished={Disponível em: <http://www.inf.ufsc.br/sbbd99/anais/SBBD-Completo/22.pdf>},
    year={2018},
    note = {Departamento de Engenharia Elétrica, Universidade Federal da Paraíba},
}

@misc{realtime_db,
    author={Saud A. Aldarmi},
    title={{Real-Time Database Systems: Concepts and Design}},
    howpublished={Disponível em:  <https://pdfs.semanticscholar.org/9409/7bf9f885d83e6e2373f85801dd898d805b
    20.pdf>},
    year={1998},
    note = {Department of Computer Science, The University of York},
}
@book{so_tanembaum,
    author={Andrew S. Tanenbaum and Herbert Bos},
    publisher={Editora Pearson},
    address= {Estados Unidos},
    title={{Modern Operating Systems}},
    year={2016},
    note = {ISBN  9788543018188},
}
@misc{apostila_lp,
    author={Sérgio Rodrigues},
    title={{Apostila de técnicas de programação e linguagem Pascal}},
    howpublished={Disponível em:  <https:https://www.cos.ufrj.br/~sergio/ApostilaPascal.pdf>},
    year={2007},
    note = {UFRJ, Universidade Federal do Rio de Janeiro},
}
@book{dart_walratb_ladd_2012,
    author={Kathy Walrath and Seth Ladd},
    publisher={O'REILLY MEDIA},
    address= {Sebastopool, Canada},
    title={{What is Dart?}},
    numpages={29},
    year={2012},
    note = {ISBN  9781449332327},
}

@book{flutter_guide_2019,
    author={Prajyot Mainkar and Salvatore Giordano},
    publisher={Packt Publishing},
    title={{Google Flutter Mobile Development Quick Start Guide}},
    year={2019},
    note = {ISBN  9781789344967},
    address={Estados Unidos},
}

@book{firebase_cheng,
    author={Fu Cheng},
    publisher={Apress},
    title={{Build Mobile Apps with Ionic 2 and Firebase: Hybrid Mobile App Development}},
    year={2017},
    note = {ISBN 9781484227374},
    address={Estados Unidos},
}

@misc{realtime_firebase,
    author={André Cardoso},
    title={{Firebase – banco de dados em tempo real}},
    howpublished={Disponível em:  <https://www.andrebian.com/firebase-banco-de-dados-em-tempo-real/>},
    year={2018},
    note = {Acessado em 01 de Setembro},
}
@misc{firebase_docs,
    author={Firebase},
    title={{Entender os projetos do Firebase}},
    howpublished={Disponível em:  <https://firebase.google.com/docs/projects/learn-more?hl=pt-br>},
    year={2019},
    note = {Acessado em 19 de Setembro},
}
@misc{tec_ov_flutter,
    author={Flutter},
    title={Flutter Technical overview},
    howpublished={Disponível em: <https://flutter.dev/docs/resources/technical-overview>},
    year={2018},
    note = {Acessado em 05 de Setembro},
}

@misc{tec_ov_flutter_git,
    author={Flutter},
    title={Flutter Technical overview},
    howpublished={Disponível em: <https://github.com/flutter/website/blob/master/src/docs/resources/technical-overview.md>},
    year={2019},
    note = {Acessado em 05 de Setembro},
}

@misc{gcp_2019,
	author={Google},
    title={Visão geral do Google Cloud Platform},
    howpublished={Disponível em: <https://cloud.google.com/docs/overview/?hl=pt-br#projects>},
    year={2019},
    note = {Acessado em 19 de Setembro},
}